@book{lamport1985i1,
  title={I1 ($\backslash$LaTeX)---A Document},
  author={Lamport, Leslie},
  volume={410},
  year={1985},
  publisher={pub-AW}
}


@article{rocha2022baby,
  title={The Baby Yoda Effect},
  author={Rocha, James},
  journal={Better Living Through TV: Contemporary TV and Moral Identity Formation},
  pages={279},
  year={2022},
  publisher={Rowman \& Littlefield}
}